@article{jaffe2006millennium,
  title={The millennium grand challenge in quantum Yang-Mills theory},
  author={Jaffe, Arthur and Witten, Edward},
  journal={Clay Mathematics Institute},
  year={2006},
  url={http://www.claymath.org/millennium-problems/yang-mills-and-mass-gap}
}

@article{landauer1961irreversibility,
  title={Irreversibility and heat generation in the computing process},
  author={Landauer, Rolf},
  journal={IBM Journal of Research and Development},
  volume={5},
  number={3},
  pages={183--191},
  year={1961},
  publisher={IBM}
}

@book{peskin1995introduction,
  title={An introduction to quantum field theory},
  author={Peskin, Michael E and Schroeder, Daniel V},
  year={1995},
  publisher={CRC press}
}

@article{wilson1974confinement,
  title={Confinement of quarks},
  author={Wilson, Kenneth G},
  journal={Physical Review D},
  volume={10},
  number={8},
  pages={2445},
  year={1974},
  publisher={APS}
}

@article{thooft1978phase,
  title={On the phase transition towards permanent quark confinement},
  author={'t Hooft, Gerard},
  journal={Nuclear Physics B},
  volume={138},
  number={1},
  pages={1--25},
  year={1978},
  publisher={Elsevier}
}

@article{gross1973ultraviolet,
  title={Ultraviolet behavior of non-abelian gauge theories},
  author={Gross, David J and Wilczek, Frank},
  journal={Physical Review Letters},
  volume={30},
  number={26},
  pages={1343},
  year={1973},
  publisher={APS}
}

@article{creutz1980monte,
  title={Monte Carlo study of quantized SU(2) gauge theory},
  author={Creutz, Michael},
  journal={Physical Review D},
  volume={21},
  number={8},
  pages={2308},
  year={1980},
  publisher={APS}
}

@article{morningstar1999glueball,
  title={The glueball spectrum from an anisotropic lattice study},
  author={Morningstar, Colin J and Peardon, Mike},
  journal={Physical Review D},
  volume={60},
  number={3},
  pages={034509},
  year={1999},
  publisher={APS}
}

@article{lucini2001su,
  title={SU(N) gauge theories at large N},
  author={Lucini, Biagio and Teper, Michael},
  journal={Physical Review D},
  volume={64},
  number={10},
  pages={105019},
  year={2001},
  publisher={APS}
}

@article{aoki2014review,
  title={Review of lattice results concerning low-energy particle physics},
  author={Aoki, S and others},
  journal={The European Physical Journal C},
  volume={74},
  number={9},
  pages={1--179},
  year={2014},
  publisher={Springer}
}

@article{diakonov2002loops,
  title={Loops versus strings: The nonperturbative spin-spin potential in SU(N) gauge theories},
  author={Diakonov, Dmitri},
  journal={Modern Physics Letters A},
  volume={17},
  number={10},
  pages={609--618},
  year={2002},
  publisher={World Scientific}
}

@article{greensite2011introduction,
  title={An introduction to the confinement problem},
  author={Greensite, Jeff},
  journal={Lecture Notes in Physics},
  volume={821},
  pages={1--211},
  year={2011},
  publisher={Springer}
}

@article{shifman2012advanced,
  title={Advanced topics in quantum field theory: A lecture course},
  author={Shifman, Mikhail},
  year={2012},
  publisher={Cambridge University Press}
}

@unpublished{washburn2024recognition,
  title={Unifying Physics and Mathematics Through a Parameter-Free Recognition Ledger},
  author={Washburn, Jonathan},
  year={2024},
  note={Manuscript}
}

@article{yang1954conservation,
  title={Conservation of isotopic spin and isotopic gauge invariance},
  author={Yang, Chen-Ning and Mills, Robert L},
  journal={Physical review},
  volume={96},
  number={1},
  pages={191},
  year={1954},
  publisher={APS}
}

@article{faddeev1967feynman,
  title={Feynman diagrams for the Yang-Mills field},
  author={Faddeev, Ludvig D and Popov, Victor N},
  journal={Physics Letters B},
  volume={25},
  number={1},
  pages={29--30},
  year={1967},
  publisher={Elsevier}
}

@article{polyakov1987gauge,
  title={Gauge fields and strings},
  author={Polyakov, Alexander M},
  year={1987},
  publisher={Harwood Academic Publishers}
}

@article{bali2005forces,
  title={Forces and heavy-quark bound states},
  author={Bali, Gunnar S},
  journal={Physics Reports},
  volume={343},
  number={1-4},
  pages={1--136},
  year={2001},
  publisher={Elsevier}
}

@article{meyer2005glueball,
  title={Glueball regge trajectories},
  author={Meyer, Harvey B},
  journal={arXiv preprint hep-lat/0508002},
  year={2005}
}

@article{athenodorou2021large,
  title={The large $N$ limit of SU(N) gauge theories and the emerging importance of topological fluctuations},
  author={Athenodorou, Andreas and Teper, Michael},
  journal={arXiv preprint arXiv:2106.00364},
  year={2021}
}

@book{zee2010quantum,
  title={Quantum field theory in a nutshell},
  author={Zee, Anthony},
  year={2010},
  edition={2nd},
  publisher={Princeton University Press}
} 